<record><leader>00000cas a22000007a 4500</leader><controlfield tag="001">14066880</controlfield><controlfield tag="008">860808d19801987njuwr ne      0    0eng d</controlfield><datafield ind1=" " ind2=" " tag="010"><subfield code="a">sn 86077207 </subfield></datafield><datafield ind1=" " ind2=" " tag="040"><subfield code="a">NPA</subfield><subfield code="b">eng</subfield><subfield code="c">NPA</subfield><subfield code="d">NJW</subfield><subfield code="d">NPA</subfield><subfield code="d">OCLCQ</subfield></datafield><datafield ind1=" " ind2=" " tag="042"><subfield code="a">msc</subfield></datafield><datafield ind1="0" ind2=" " tag="130"><subfield code="a">News (Paterson, N.J. : 1980 : Weekend ed.)</subfield></datafield><datafield ind1="1" ind2="4" tag="245"><subfield code="a">The news.</subfield></datafield><datafield ind1=" " ind2=" " tag="250"><subfield code="a">Weekend ed.</subfield></datafield><datafield ind1=" " ind2=" " tag="260"><subfield code="a">Paterson, N.J. :</subfield><subfield code="b">News Print. Co.,</subfield><subfield code="c">1980-1987.</subfield></datafield><datafield ind1=" " ind2=" " tag="300"><subfield code="a">v. :</subfield><subfield code="b">ill.</subfield></datafield><datafield ind1=" " ind2=" " tag="310"><subfield code="a">Weekly</subfield></datafield><datafield ind1="0" ind2=" " tag="362"><subfield code="a">Vol. 90, no. 112 (May 10, 1980)-v. 97, no. 192 (July 11, 1987).</subfield></datafield><datafield ind1=" " ind2=" " tag="515"><subfield code="a">Continues the numbering of the daily edition.</subfield></datafield><datafield ind1=" " ind2=" " tag="530"><subfield code="a">Also issued on microfilm by Microfilming Corp. of America and Microforms International, a subsidiary of Pergamon Press.</subfield></datafield><datafield ind1=" " ind2=" " tag="580"><subfield code="a">Weekend ed. of: News (Paterson, N.J.).</subfield></datafield><datafield ind1=" " ind2=" " tag="752"><subfield code="a">United States</subfield><subfield code="b">New Jersey</subfield><subfield code="c">Passaic</subfield><subfield code="d">Paterson.</subfield></datafield><datafield ind1="1" ind2=" " tag="775"><subfield code="t">News (Paterson, N.J.)</subfield><subfield code="w">(DLC)sn 84020520</subfield><subfield code="w">(OCoLC)11012534</subfield></datafield><datafield ind1="0" ind2="0" tag="780"><subfield code="t">Morning news (Paterson, N.J. : 1979 : Weekend ed.)</subfield><subfield code="w">(DLC)sn 86077206</subfield><subfield code="w">(OCoLC)14066876</subfield></datafield></record>